@article{waites2004mycoplasma,
  title={Mycoplasma pneumoniae and its role as a human pathogen},
  author={Waites, Ken B and Talkington, Deborah F},
  journal={Clinical microbiology reviews},
  volume={17},
  number={4},
  pages={697--728},
  year={2004},
  publisher={Am Soc Microbiol}
}

@article{bajantri2018mycoplasma,
  title={Mycoplasma pneumoniae: a potentially severe infection},
  author={Bajantri, Bharat and Venkatram, Sindhaghatta and Diaz-Fuentes, Gilda},
  journal={Journal of clinical medicine research},
  volume={10},
  number={7},
  pages={535},
  year={2018},
  publisher={Elmer Press}
}

@article{kenri2008genotyping,
  title={{Genotyping analysis of Mycoplasma pneumoniae clinical strains in Japan between 1995 and 2005: type shift phenomenon of M. pneumoniae clinical strains}},
  author={Kenri, Tsuyoshi and Okazaki, Norio and Yamazaki, Tsutomu and Narita, Mitsuo and Izumikawa, Kinich and Matsuoka, Mayumi and Suzuki, Satowa and Horino, Atsuko and Sasaki, Tsuguo},
  journal={Journal of medical microbiology},
  volume={57},
  number={4},
  pages={469--475},
  year={2008},
  publisher={Microbiology Society}
}

@article{nguipdop2013cyclic,
  title={{Cyclic epidemics of Mycoplasma pneumoniae infections in England and Wales from 1975 to 2009: time-series analysis and mathematical modelling}},
  author={Nguipdop-Djomo, Patrick and Fine, Paul EM and Halsby, Kate D and Chalker, Victoria J and Vynnycky, Emilia},
  journal={The Lancet},
  volume={382},
  pages={S78},
  year={2013},
  publisher={Elsevier}
}

@article{zhang2019positively,
  title={{Positively interacting strains that co-circulate within a network structured population induce cycling epidemics of Mycoplasma pneumoniae}},
  author={Zhang, Xu-Sheng and Zhao, Hongxin and Vynnycky, Emilia and Chalker, Vicki},
  journal={Scientific reports},
  volume={9},
  number={1},
  pages={541},
  year={2019},
  publisher={Nature Publishing Group UK London}
}

@article{omori2015determinant,
  title={{The determinant of periodicity in Mycoplasma pneumoniae incidence: an insight from mathematical modelling}},
  author={Omori, Ryosuke and Nakata, Yukihiko and Tessmer, Heidi L and Suzuki, Satowa and Shibayama, Keigo},
  journal={Scientific reports},
  volume={5},
  number={1},
  pages={14473},
  year={2015},
  publisher={Nature Publishing Group UK London}
}

@article{sauteur2024mycoplasma,
  title={{Mycoplasma pneumoniae: delayed re-emergence after COVID-19 pandemic restrictions}},
  author={Sauteur, Patrick M Meyer and Beeton, Michael L and Pereyre, Sabine and B{\'e}b{\'e}ar, C{\'e}cile and Gardette, Marie and H{\'e}nin, Nad{\`e}ge and Wagner, No{\'e}mie and Fischer, Adrien and Vitale, Alessandra and Lemaire, Baptiste and others},
  journal={The Lancet Microbe},
  volume={5},
  number={2},
  pages={e100--e101},
  year={2024},
  publisher={Elsevier}
}

@article{carpenter2017stan,
  title={Stan: A probabilistic programming language},
  author={Carpenter, Bob and Gelman, Andrew and Hoffman, Matthew D and Lee, Daniel and Goodrich, Ben and Betancourt, Michael and Brubaker, Marcus A and Guo, Jiqiang and Li, Peter and Riddell, Allen},
  journal={Journal of statistical software},
  volume={76},
  year={2017},
  publisher={NIH Public Access}
}

@Misc{rstan,
    title = {{RStan}: the {R} interface to {Stan}},
    author = {{Stan Development Team}},
    note = {R package version 2.32.6},
    year = {2024},
    url = {https://mc-stan.org/},
  }
  
@article{foy1983naturally,
  title={{Naturally acquired immunity to pneumonia due to \textit{Mycoplasma pneumoniae}}},
  author={Foy, Hjordis M and Kenny, George E and Cooney, Marion K and Allan, Inez D and van Belle, Gerald},
  journal={Journal of Infectious Diseases},
  volume={147},
  number={6},
  pages={967--973},
  year={1983},
  publisher={The University of Chicago Press}
}

@article{pereyre2016mycoplasma,
  title={Mycoplasma pneumoniae: current knowledge on macrolide resistance and treatment},
  author={Pereyre, Sabine and Goret, Julien and B{\'e}b{\'e}ar, C{\'e}cile},
  journal={Frontiers in microbiology},
  volume={7},
  pages={974},
  year={2016},
  publisher={Frontiers Media SA}
}

@article{brown2016mycoplasma,
  title={{Mycoplasma pneumoniae epidemiology in England and Wales: a national perspective}},
  author={Brown, Rebecca J and Nguipdop-Djomo, Patrick and Zhao, Hongxin and Stanford, Elaine and Spiller, O Brad and Chalker, Victoria J},
  journal={Frontiers in microbiology},
  volume={7},
  pages={157},
  year={2016},
  publisher={Frontiers Media SA}
}

@article{kim2009mycoplasma,
  title={{Mycoplasma pneumoniae pneumonia in Korean children, from 1979 to 2006-a meta-analysis}},
  author={Kim, Jin Woo and Seo, Hyun Kyong and Yoo, Eun Gyong and Park, Sung Jin and Yoon, So Hwa and Jung, Hye Young and Han, Man Yong},
  journal={Clinical and Experimental Pediatrics},
  volume={52},
  number={3},
  pages={315--323},
  year={2009},
  publisher={The Korean Pediatric Society}
}

@article{baker2020impact,
  title={{The impact of COVID-19 nonpharmaceutical interventions on the future dynamics of endemic infections}},
  author={Baker, Rachel E and Park, Sang Woo and Yang, Wenchang and Vecchi, Gabriel A and Metcalf, C Jessica E and Grenfell, Bryan T},
  journal={Proceedings of the National Academy of Sciences},
  volume={117},
  number={48},
  pages={30547--30553},
  year={2020},
  publisher={National Acad Sciences}
}

@article{keeling2001seasonally,
  title={Seasonally forced disease dynamics explored as switching between attractors},
  author={Keeling, Matt J and Rohani, Pejman and Grenfell, Bryan T},
  journal={Physica D: Nonlinear Phenomena},
  volume={148},
  number={3-4},
  pages={317--335},
  year={2001},
  publisher={Elsevier}
}

@article{park2024predicting,
  title={{Predicting the impact of COVID-19 non-pharmaceutical intervention on short-and medium-term dynamics of enterovirus D68 in the US}},
  author={Park, Sang Woo and Messacar, Kevin and Douek, Daniel C and Spaulding, Alicen B and Metcalf, C Jessica E and Grenfell, Bryan T},
  journal={Epidemics},
  volume={46},
  pages={100736},
  year={2024},
  publisher={Elsevier}
}

@article{nguyen2022enterovirus,
  title={{Enterovirus D68: a test case for the use of immunological surveillance to develop tools to mitigate the pandemic potential of emerging pathogens}},
  author={Nguyen-Tran, Hai and Park, Sang Woo and Messacar, Kevin and Dominguez, Samuel R and Vogt, Matthew R and Permar, Sallie and Permaul, Perdita and Hernandez, Michelle and Douek, Daniel C and McDermott, Adrian B and others},
  journal={The Lancet Microbe},
  volume={3},
  number={2},
  pages={e83--e85},
  year={2022},
  publisher={Elsevier}
}

@article{mina2020global,
  title={{A Global lmmunological Observatory to meet a time of pandemics}},
  author={Mina, Michael J and Metcalf, C Jessica E and McDermott, Adrian B and Douek, Daniel C and Farrar, Jeremy and Grenfell, Bryan T},
  journal={Elife},
  volume={9},
  pages={e58989},
  year={2020},
  publisher={eLife Sciences Publications, Ltd}
}

@article{earn2000simple,
  title={A simple model for complex dynamical transitions in epidemics},
  author={Earn, David JD and Rohani, Pejman and Bolker, Benjamin M and Grenfell, Bryan T},
  journal={science},
  volume={287},
  number={5453},
  pages={667--670},
  year={2000},
  publisher={American Association for the Advancement of Science}
}

@article{leber2018multicenter,
  title={{Multicenter evaluation of BioFire FilmArray respiratory panel 2 for detection of viruses and bacteria in nasopharyngeal swab samples}},
  author={Leber, Amy L and Everhart, Kathy and Daly, Judy A and Hopper, Aubrey and Harrington, Amanda and Schreckenberger, Paul and McKinley, Kathleen and Jones, Matthew and Holmberg, Kristen and Kensinger, Bart},
  journal={Journal of Clinical Microbiology},
  volume={56},
  number={6},
  pages={10--1128},
  year={2018},
  publisher={Am Soc Microbiol}
}

@article{poritz2011filmarray,
  title={{FilmArray, an automated nested multiplex PCR system for multi-pathogen detection: development and application to respiratory tract infection}},
  author={Poritz, Mark A and Blaschke, Anne J and Byington, Carrie L and Allen, Lindsay and Nilsson, Kody and Jones, David E and Thatcher, Stephanie A and Robbins, Thomas and Lingenfelter, Beth and Amiott, Elizabeth and others},
  journal={PloS one},
  volume={6},
  number={10},
  pages={e26047},
  year={2011},
  publisher={Public Library of Science San Francisco, USA}
}

@article{creager2020clinical,
  title={{Clinical evaluation of the BioFire{\textregistered} Respiratory Panel 2.1 and detection of SARS-CoV-2}},
  author={Creager, Hannah M and Cabrera, Barbara and Schnaubelt, Andy and Cox, Jesse L and Cushman-Vokoun, Allison M and Shakir, Salika M and Tardif, Keith D and Huang, Meei-Li and Jerome, Keith R and Greninger, Alexander L and others},
  journal={Journal of Clinical Virology},
  volume={129},
  pages={104538},
  year={2020},
  publisher={Elsevier}
}

@article{meyers2018automated,
  title={Automated real-time collection of pathogen-specific diagnostic data: syndromic infectious disease epidemiology},
  author={Meyers, Lindsay and Ginocchio, Christine C and Faucett, Aimie N and Nolte, Frederick S and Gesteland, Per H and Leber, Amy and Janowiak, Diane and Donovan, Virginia and Bard, Jennifer Dien and Spitzer, Silvia and others},
  journal={JMIR public health and surveillance},
  volume={4},
  number={3},
  pages={e9876},
  year={2018},
  publisher={JMIR Publications Inc., Toronto, Canada}
}

@article{jain2015community,
  title={{Community-acquired pneumonia requiring hospitalization among US adults}},
  author={Jain, Seema and Self, Wesley H and Wunderink, Richard G and Fakhran, Sherene and Balk, Robert and Bramley, Anna M and Reed, Carrie and Grijalva, Carlos G and Anderson, Evan J and Courtney, D Mark and others},
  journal={New England Journal of Medicine},
  volume={373},
  number={5},
  pages={415--427},
  year={2015},
  publisher={Mass Medical Soc}
}

@article{jain2015community2,
  title={{Community-acquired pneumonia requiring hospitalization among US children}},
  author={Jain, Seema and Williams, Derek J and Arnold, Sandra R and Ampofo, Krow and Bramley, Anna M and Reed, Carrie and Stockmann, Chris and Anderson, Evan J and Grijalva, Carlos G and Self, Wesley H and others},
  journal={New England Journal of Medicine},
  volume={372},
  number={9},
  pages={835--845},
  year={2015},
  publisher={Mass Medical Soc}
}

@article{boyanton2024sars,
  title={{SARS-CoV-2 pandemic non-pharmacologic interventions temporally associated with reduced pediatric infections due to Mycoplasma pneumoniae and co-infecting respiratory viruses in Arkansas}},
  author={Boyanton Jr, Bobby L and Frenner, Rachel A and Ingold, Ashton and Ambroggio, Lilliam and Kennedy, Joshua L},
  journal={Microbiology Spectrum},
  volume={12},
  number={4},
  pages={e02908--23},
  year={2024},
  publisher={Am Soc Microbiol}
}

@article{pons2018serotype,
  title={Serotype-specific immunity explains the incidence of diseases caused by human enteroviruses},
  author={Pons-Salort, Margarita and Grassly, Nicholas C},
  journal={Science},
  volume={361},
  number={6404},
  pages={800--803},
  year={2018},
  publisher={American Association for the Advancement of Science}
}

@article{park2021epidemiological,
  title={{Epidemiological dynamics of enterovirus D68 in the United States and implications for acute flaccid myelitis}},
  author={Park, Sang Woo and Pons-Salort, Margarita and Messacar, Kevin and Cook, Camille and Meyers, Lindsay and Farrar, Jeremy and Grenfell, Bryan T},
  journal={Science Translational Medicine},
  volume={13},
  number={584},
  pages={eabd2400},
  year={2021},
  publisher={American Association for the Advancement of Science}
}

@article{he2010plug,
  title={Plug-and-play inference for disease dynamics: measles in large and small populations as a case study},
  author={He, Daihai and Ionides, Edward L and King, Aaron A},
  journal={Journal of the Royal Society Interface},
  volume={7},
  number={43},
  pages={271--283},
  year={2010},
  publisher={The Royal Society}
}

@article{olson2015outbreak,
  title={{Outbreak of Mycoplasma pneumoniae--associated Stevens-Johnson syndrome}},
  author={Olson, Daniel and Watkins, Louise K Francois and Demirjian, Alicia and Lin, Xia and Robinson, Christine C and Pretty, Kristin and Benitez, Alvaro J and Winchell, Jonas M and Diaz, Maureen H and Miller, Lisa A and others},
  journal={Pediatrics},
  volume={136},
  number={2},
  pages={e386--e394},
  year={2015},
  publisher={American Academy of Pediatrics Elk Grove Village, IL, USA}
}

@article{walter2008community,
  title={{Community outbreak of Mycoplasma pneumoniae infection: school-based cluster of neurologic disease associated with household transmission of respiratory illness}},
  author={Walter, Nicholas D and Grant, Gavin B and Bandy, Utpala and Alexander, Nicole E and Winchell, Jonas M and Jordan, Hannah T and Sejvar, James J and Hicks, Lauri A and Gifford, David R and Alexander, Nicole T and others},
  journal={Journal of Infectious Diseases},
  volume={198},
  number={9},
  pages={1365--1374},
  year={2008},
  publisher={The University of Chicago Press}
}

@article{goldstein2011predicting,
  title={{Predicting the epidemic sizes of influenza A/H1N1, A/H3N2, and B: a statistical method}},
  author={Goldstein, Edward and Cobey, Sarah and Takahashi, Saki and Miller, Joel C and Lipsitch, Marc},
  journal={PLoS medicine},
  volume={8},
  number={7},
  pages={e1001051},
  year={2011},
  publisher={Public Library of Science San Francisco, USA}
}

@article{kissler2020projecting,
  title={{Projecting the transmission dynamics of SARS-CoV-2 through the postpandemic period}},
  author={Kissler, Stephen M and Tedijanto, Christine and Goldstein, Edward and Grad, Yonatan H and Lipsitch, Marc},
  journal={Science},
  volume={368},
  number={6493},
  pages={860--868},
  year={2020},
  publisher={American Association for the Advancement of Science}
}

@article{dushoff2004dynamical,
  title={Dynamical resonance can account for seasonality of influenza epidemics},
  author={Dushoff, Jonathan and Plotkin, Joshua B and Levin, Simon A and Earn, David JD},
  journal={Proceedings of the National Academy of Sciences},
  volume={101},
  number={48},
  pages={16915--16916},
  year={2004},
  publisher={National Acad Sciences}
}

@article{shaman2010absolute,
  title={{Absolute humidity and the seasonal onset of influenza in the continental United States}},
  author={Shaman, Jeffrey and Pitzer, Virginia E and Viboud, C{\'e}cile and Grenfell, Bryan T and Lipsitch, Marc},
  journal={PLoS biology},
  volume={8},
  number={2},
  pages={e1000316},
  year={2010},
  publisher={Public Library of Science}
}
